<?xml version="1.0" encoding="UTF-8"?><collection xmlns="http://www.loc.gov/MARC21/slim"><record><leader>00517nam--2200193-u-4500</leader><controlfield tag="001">000051714</controlfield><controlfield tag="002">20161230</controlfield><controlfield tag="005">20161230201049</controlfield><controlfield tag="008">080915s1000------------r-----000-0-eng-d</controlfield><datafield ind1=" " ind2=" " tag="020"><subfield code="a">978-973-46-0630-6</subfield></datafield><datafield ind1=" " ind2=" " tag="040"><subfield code="a">IFIN-HH</subfield></datafield><datafield ind1=" " ind2=" " tag="080"><subfield code="a">33</subfield></datafield><datafield ind1="1" ind2=" " tag="100"><subfield code="a">Peretti, Andre de</subfield></datafield><datafield ind1="1" ind2="0" tag="245"><subfield code="a">Tehnici de comunicare. Traducere: Gabriela Sandu</subfield><subfield code="c">Legrand, Jean-Andre; Boniface, Jean</subfield></datafield><datafield ind1=" " ind2=" " tag="260"><subfield code="a">Iasi</subfield><subfield code="b">Polirom</subfield><subfield code="c">2001</subfield></datafield><datafield ind1=" " ind2=" " tag="300"><subfield code="a">392 p</subfield></datafield><datafield ind1="1" ind2=" " tag="700"><subfield code="a">Andre de Peretti</subfield></datafield><datafield ind1=" " ind2=" " tag="852"><subfield code="a">82117</subfield><subfield code="c">33</subfield></datafield><datafield ind1=" " ind2=" " tag="CAT"><subfield code="a">Sys</subfield><subfield code="c">20080915</subfield><subfield code="h">134904</subfield></datafield></record></collection>